<record><leader>00000cas a22000007a 4500</leader><controlfield tag="001">18942400</controlfield><controlfield tag="008">881227d1974197umduwr ne      0    0eng d</controlfield><datafield ind1=" " ind2=" " tag="010"><subfield code="a">sn 88065211 </subfield></datafield><datafield ind1=" " ind2=" " tag="040"><subfield code="a">MFN</subfield><subfield code="b">eng</subfield><subfield code="c">MFN</subfield><subfield code="d">OCLCQ</subfield></datafield><datafield ind1=" " ind2=" " tag="042"><subfield code="a">msc</subfield></datafield><datafield ind1="0" ind2=" " tag="130"><subfield code="a">Suburban times (Towson, Md.)</subfield></datafield><datafield ind1="1" ind2="4" tag="245"><subfield code="a">The Suburban times.</subfield></datafield><datafield ind1=" " ind2=" " tag="250"><subfield code="a">Western ed.</subfield></datafield><datafield ind1=" " ind2=" " tag="260"><subfield code="a">Towson, Md. :</subfield><subfield code="b">Stromberg Pub.</subfield></datafield><datafield ind1=" " ind2=" " tag="300"><subfield code="a">v.</subfield></datafield><datafield ind1=" " ind2=" " tag="310"><subfield code="a">Weekly</subfield></datafield><datafield ind1="1" ind2=" " tag="362"><subfield code="a">Began in 1974?</subfield></datafield><datafield ind1=" " ind2=" " tag="588"><subfield code="a">Description based on: Vol. 2, no. 31 (Mar. 18, 1976).</subfield></datafield><datafield ind1=" " ind2=" " tag="752"><subfield code="a">United States</subfield><subfield code="b">Maryland</subfield><subfield code="c">Baltimore</subfield><subfield code="d">Towson.</subfield></datafield></record>